@article{mehra2007global,
  title={Global Public Health Problem of Sudden Cardiac Death},
  author={Mehra, R.},
  journal={Journal of Electrocardiology},
  volume={40},
  pages={118--122},
  year={2007}
}

@article{yu2022ai,
  title={AI-Based Stroke Disease Prediction System Using ECG and PPG Bio-Signals},
  author={Yu, J. and Park, S. and Kwon, S.-H. and Cho, K.-H. and Lee, H.},
  journal={IEEE Access},
  volume={10},
  pages={43623--43638},
  year={2022}
}

@article{choi2021deep,
  title={Deep learning-based stroke disease prediction system using real-time bio-signals},
  author={Choi, Y. A. and Park, S. J. and Pyo, J. A. C. S. and Cho, K. H. and Lee, H. S. and Yu, J. H.},
  journal={Sensors},
  volume={21},
  year={2021}
}

@article{lavanya2023wearable,
  title={Wearable Sensor-Based Edge Computing Framework for Cardiac Arrhythmia Detection and Acute Stroke Prediction},
  author={Lavanya, R. and others},
  journal={Journal of Sensors},
  volume={2023},
  year={2023}
}

@Article{shin2022lightweight,
AUTHOR = {Shin, Siho and Kang, Mingu and Zhang, Gengjia and Jung, Jaehyo and Kim, Youn Tae},
TITLE = {Lightweight Ensemble Network for Detecting Heart Disease Using {ECG} Signals},
JOURNAL = {Applied Sciences},
VOLUME = {12},
YEAR = {2022},
ARTICLE-NUMBER = {3291},
URL = {https://www.mdpi.com/2076-3417/12/7/3291},
ISSN = {2076-3417}
}

@article{choi2021machine,
  title={Machine-Learning-Based Elderly Stroke Monitoring System Using Electroencephalography Vital Signals},
  author={Choi, Y. A. and others},
  journal={Applied Sciences},
  volume={11},
  pages={1761},
  year={2021}
}

@article{zhou2024multimodal,
  title={Multimodal {ECG} heartbeat classification method based on a convolutional neural network embedded with {FCA}},
  author={Zhou, F. and Fang, D.},
  journal={Scientific Reports},
  volume={14},
  pages={1--10},
  year={2024},
  doi={10.1038/s41598-024-59311-0}
}

@article{zhang2023multimodal,
  title={A Multimodal Deep Neural Network for {ECG} and {PCG} Classification with Multimodal Fusion},
  author={Zhang, Y. and Wang, H. and Zhao, L.},
  journal={IEEE Transactions on Biomedical Engineering},
  volume={27},
  pages={1221--1230},
  year={2023}
}

@article{ahmad2021ecg,
  title={{ECG} Heartbeat Classification Using Multimodal Fusion},
  author={Ahmad, Z. and Tabassum, A. and Guan, L. and Khan, N. M.},
  journal={IEEE Access},
  volume={9},
  pages={1--13},
  year={2021},
  doi={10.1109/ACCESS.2021.DOI}
}

@article{han2023multimodal,
  title={Multimodal Multi-instance Learning for Long-term {ECG} Classification},
  author={Han, H. and Lian, C. and Zeng, Z. and Xu, B. and Zang, J. and Xue, C.},
  journal={Knowledge-Based Systems},
  volume={270},
  year={2023},
  doi={10.1016/j.knosys.2023.110555}
}

@article{mert2023time,
  title={Time-Frequency Domain Modified Vision Transformer Model for Detection of Atrial Fibrillation using Multi-lead {ECG} Signals},
  author={Mert, M. and Akan, A.},
  journal={Journal of Medical Imaging and Health Informatics},
  volume={11},
  pages={2453--2462},
  year={2023}
}

@article{kristensen2016use,
  title={The use of a portable three-lead {ECG} monitor to detect atrial fibrillation in general practice},
  author={Kristensen, A. N. and Jeyam, B. and Riahi, S. and Jensen, M. B.},
  journal={Scandinavian Journal of Primary Health Care},
  volume={34},
    pages={304--308},
  year={2016},
  doi={10.1080/02813432.2016.1207151}
}

@inproceedings{ahsanuzzaman2020low,
  title={Low Cost, Portable {ECG} Monitoring and Alarming System Based on Deep Learning},
  author={Ahsanuzzaman, S. M. and Ahmed, T. and Rahman, M. A.},
  booktitle={IEEE Region 10 Symposium},
  pages={313--319},
  year={2020},
  doi={10.1109/TENSYMP50017.2020.9231005}
}

@article{wagner2020ptb,
  title={{PTB-XL}, a large publicly available electrocardiography dataset},
  author={Wagner, Peter and Strodthoff, Nils and Bousseljot, Ralf-Dieter and Kreiseler, David and Lunze, Frank and Samek, Wojciech and Schaeffter, Tobias},
  journal={Scientific data},
  volume={7},
  pages={1--15},
  year={2020},
  publisher={Nature Publishing Group}
}

@article{drozd2021causes,
  title={Causes of death in people with cardiovascular disease: a UK Biobank cohort study},
  author={Drozd, Michael and Pujades-Rodriguez, Mar and Sun, Fei and Franks, Kevin N and Lillie, Patrick J and Witte, Klaus K and Kearney, Mark T and Cubbon, Richard M},
  journal={Journal of the American Heart Association},
  volume={10},
  number={22},
  pages={e023188},
  year={2021},
  publisher={Am Heart Assoc}
}
@article{chung2020atrial,
  title={Atrial fibrillation: JACC council perspectives},
  author={Chung, Mina K and Refaat, Marwan and Shen, Win-Kuang and Kutyifa, Valentina and Cha, Yong-Mei and Di Biase, Luigi and Baranchuk, Adrian and Lampert, Rachel and Natale, Andrea and Fisher, John and others},
  journal={Journal of the American College of Cardiology},
  volume={75},
  number={14},
  pages={1689--1713},
  year={2020},
  publisher={American College of Cardiology Foundation Washington DC}
}
@article{dalloul2023review,
  title={A review of recent innovations in remote health monitoring},
  author={Dalloul, Ahmed Hany and Miramirkhani, Farshad and Kouhalvandi, Lida},
  journal={Micromachines},
  volume={14},
  number={12},
  pages={2157},
  year={2023},
  publisher={MDPI}
}
@article{boikanyo2023remote,
  title={Remote patient monitoring systems: Applications, architecture, and challenges},
  author={Boikanyo, Kegomoditswe and Zungeru, Adamu Murtala and Sigweni, Boyce and Yahya, Abid and Lebekwe, Caspar},
  journal={Scientific African},
  volume={20},
  pages={e01638},
  year={2023},
  publisher={Elsevier}
}

@article{zylinski2023design,
  title={Design and implementation of an atrial fibrillation detection algorithm on the ARM Cortex-M4 microcontroller},
  author={{\.Z}yli{\'n}ski, Marek and Nassibi, Amir and Mandic, Danilo P},
  journal={Sensors},
  volume={23},
  number={17},
  pages={7521},
  year={2023},
  publisher={MDPI}
}

@article{obeidat2023embedded,
  title={An embedded system based on raspberry pi for effective electrocardiogram monitoring},
  author={Obeidat, Yusra M and Alqudah, Ali M},
  journal={Applied Sciences},
  volume={13},
  number={14},
  pages={8273},
  year={2023},
  publisher={MDPI}
}

@article{su2023ecg,
  title={An ECG signal acquisition and analysis system based on machine learning with model fusion},
  author={Su, Shi and Zhu, Zhihong and Wan, Shu and Sheng, Fangqing and Xiong, Tianyi and Shen, Shanshan and Hou, Yu and Liu, Cuihong and Li, Yijin and Sun, Xiaolin and others},
  journal={Sensors},
  volume={23},
  number={17},
  pages={7643},
  year={2023},
  publisher={MDPI}
}
@article{ramkumar2018atrial,
  title={Atrial fibrillation detection using single lead portable electrocardiographic monitoring: a systematic review and meta-analysis},
  author={Ramkumar, Satish and Nerlekar, Nitesh and Dâ€™Souza, Daniel and Pol, Derek J and Kalman, Jonathan M and Marwick, Thomas H},
  journal={BMJ open},
  volume={8},
  number={9},
  pages={e024178},
  year={2018},
  publisher={British Medical Journal Publishing Group}
}
@inproceedings{shaown2019iot,
  title={IoT-based portable ECG monitoring system for smart healthcare},
  author={Shaown, Tamanna and Hasan, Imam and Mim, Md Muradur Rahman and Hossain, Md Shohrab},
  booktitle={2019 1st International Conference on Advances in Science, Engineering and Robotics Technology (ICASERT)},
  pages={1--5},
  year={2019},
  organization={IEEE}
}




